=LDR  00255cam a2200073 a 4500
=001  a999LC2
=008  870909s1986\\\\enka\\\\\\\\\\000\0\eng\d
=245  00$a999 LC begins with 2 letters, no decimal digits before Cutter
=999  \\$aHG6046 .V28 1986$wLC$i36105034181003$lSTACKS$mSAL3$tSTKS-MONO

