=LDR  00293cam a2200073 a 4500
=001  a999LC1dec
=008  891204s1990\\\\ru\\\\\\\\\\\\000\0\rus\\
=245  10$a999 LC begins with 1 letter; decimal digits before Cutter; Space before Cutter decimal point
=999  \\$aD764.7 .K72 1990$wLC$c1$i36105043140537$lSTACKS$mGREEN$tSTKS-MONO

