=LDR  00256cam a2200073 a 4500
=001  a999LC3Dec
=008  921105s1992\\\\sz\\\\\\\\\\\\000\1\fre\\
=245  14$a999 LC begins with 3 letters, decimal digits in class
=999  \\$aKJH666.4.I26 P54 1992$wLC$i36105043436259$lSTACKS$mGREEN$tSTKS-MONO

