=LDR  00272cam a2200073 a 4500
=001  a999LC3NoDec
=008  921105s1992\\\\sz\\\\\\\\\\\\000\1\fre\\
=245  14$a999 LC begins with 3 letters, two cutters, sufix after second cutter
=999  \\$aKJH2678.I26 P54 1992$wLC$i36105043436258$lSTACKS$mGREEN$tSTKS-MONO

