=LDR  00245nam a22000735? 4500
=001  a999LC22
=008  910118s1990||||gw\|||||||||||||||||ger|d
=245  14$atwo part suffix after first cutter
=999  \\$aCB3 .A6 SUPPL. V.31$wLC$i36105035087092$kCHECKEDOUT$lSTACKS$mGREEN$tSTKS-MONO

