=LDR  00242cam a2200073K  45 0
=001  a1111
=008  870518s1946\\\\bl\\\\\\\\\\\\000\0\por\d
=245  13$aSHELBYTITL - ignore call number
=999  \\$aPQ9661 .P31 C6 VOL 1 1946$wLC$i36105129694373$lSHELBYTITL$mSCIENCE$tSTKS-MONO

