=LDR  00245cam a2200073K  45 0
=001  a2211
=008  870518s1946\\\\bl\\\\\\\\\\\\000\0\por\d
=245  13$aSHELBYSER - ignore call number
=999  \\$aPQ9661 .P31 C6 1946 VOL 1 1946$wLC$i36105129694374$lSHELBYSER$mSCIENCE$tSTKS-MONO

