=LDR  00213cas a2200073 a 4500
=001  a460947
=008  830415c19809999vauuu\\\\a\\\\0\\\\0eng\\
=245  00$a999 LCPER
=999  \\$aE184.S75 R47A V.1 1980$wLCPER$i36105007402873$lSTACKS$mGREEN$tSTKS-MONO

