=LDR  00285nam a2200085ua 4500
=001  a1033119
=008  830224s1982\\\\ilua\\\\\b\\\\001\0deng\\
=245  10$aTwo 999 LC
=999  \\$aBX4659.E85 W44$wLC$i36105037439663$lSTACKS$mGREEN$tSTKS-MONO
=999  \\$aBX4659 .E85 W44 1982$wLC$i36105001623284$lSTACKS$mSAL$tSTKS-MONO

