=LDR  00279nam a22000851  4500
=001  a1732616
=008  840514s1962\\\\enk\\\\\\b\\\\000\0\eng\\
=245  10$a Two 999 LC
=999  \\$aQA273 .C83 1962$wLC$i36105033142303$lSTACKS$mMATH-CS$tSTKS
=999  \\$aQA273 .C83 1962$wLC$i36105033142311$lSTACKS$mSAL$tSTKS-MONO

