=LDR  00244cam a22000737  45 0
=001  a4578538
=008  850909|||||||||xx\|||||||||||||||||eng||
=245  10$aHF high data rate compressive spectrum analyzer.
=999  \\$aSUSEL-69048$wALPHANUM$i36105046377987$lSTACKS$mSAL3$tSTKS-MONO

