=LDR  00258cam a2200073Mi 45 0
=001  a7772223
=008  060502s2005\\\\mx\\\\\\\\\\\\000\0\spa\d
=245  13$a999 LC begins with 1 letter, Space before Cutter decimal point
=999  \\$aF1356 .M464 2005$wLC$i36105122224160$lSTACKS$mGREEN$tSTKS-MONO

